@article{finck2013normalization,
  title={Normalization of mass cytometry data with bead standards},
  author={Finck, Rachel and Simonds, Erin F and Jager, Astraea and Krishnaswamy, Smita and Sachs, Karen and Fantl, Wendy and Pe'er, Dana and Nolan, Garry P and Bendall, Sean C},
  journal={Cytometry Part A},
  volume={83},
  number={5},
  pages={483--494},
  year={2013},
  publisher={Wiley Online Library}
}

@article{kotecha2010web,
  title={Web-based analysis and publication of flow cytometry experiments},
  author={Kotecha, Nikesh and Krutzik, Peter O and Irish, Jonathan M},
  journal={Current protocols in cytometry},
  volume={53},
  number={1},
  pages={10--17},
  year={2010},
  publisher={Wiley Online Library}
}

@article{levine2015data,
  title={Data-driven phenotypic dissection of AML reveals progenitor-like cells that correlate with prognosis},
  author={Levine, Jacob H and Simonds, Erin F and Bendall, Sean C and Davis, Kara L and El-ad, D Amir and Tadmor, Michelle D and Litvin, Oren and Fienberg, Harris G and Jager, Astraea and Zunder, Eli R and others},
  journal={Cell},
  volume={162},
  number={1},
  pages={184--197},
  year={2015},
  publisher={Elsevier}
}

@article{algina2005alternative,
  title={An alternative to Cohen's standardized mean difference effect size: a robust parameter and confidence interval in the two independent groups case.},
  author={Algina, James and Keselman, HJ and Penfield, Randall D},
  journal={Psychological methods},
  volume={10},
  number={3},
  pages={317},
  year={2005},
  publisher={American Psychological Association}
}

@article{olshen2010successive,
  title={Successive normalization of rectangular arrays},
  author={Olshen, Richard A and Rajaratnam, Bala},
  journal={Annals of statistics},
  volume={38},
  number={3},
  pages={1638},
  year={2010},
  publisher={NIH Public Access}
}

@article{ashburner2000gene,
  title={Gene Ontology: tool for the unification of biology},
  author={Ashburner, Michael and Ball, Catherine A and Blake, Judith A and Botstein, David and Butler, Heather and Cherry, J Michael and Davis, Allan P and Dolinski, Kara and Dwight, Selina S and Eppig, Janan T and others},
  journal={Nature genetics},
  volume={25},
  number={1},
  pages={25},
  year={2000},
  publisher={Nature Publishing Group}
}

@article{gentles2015prognostic,
  title={The prognostic landscape of genes and infiltrating immune cells across human cancers},
  author={Gentles, Andrew J and Newman, Aaron M and Liu, Chih Long and Bratman, Scott V and Feng, Weiguo and Kim, Dongkyoon and Nair, Viswam S and Xu, Yue and Khuong, Amanda and Hoang, Chuong D and others},
  journal={Nature medicine},
  volume={21},
  number={8},
  pages={938},
  year={2015},
  publisher={Nature Publishing Group}
}

@article{logsdon2012novel,
  title={A novel variational Bayes multiple locus Z-statistic for genome-wide association studies with Bayesian model averaging},
  author={Logsdon, Benjamin A and Carty, Cara L and Reiner, Alexander P and Dai, James Y and Kooperberg, Charles},
  journal={Bioinformatics},
  volume={28},
  number={13},
  pages={1738--1744},
  year={2012},
  publisher={Oxford University Press}
}