@article{logsdon2015sparse,
  title={Sparse expression bases in cancer reveal tumor drivers},
  author={Logsdon, Benjamin A and Gentles, Andrew J and Miller, Chris P and Blau, C Anthony and Becker, Pamela S and Lee, Su-In},
  journal={Nucleic acids research},
  volume={43},
  number={3},
  pages={1332--1344},
  year={2015},
  publisher={Oxford University Press}
}

